<record><leader>00000cas a22000007a 4500</leader><controlfield tag="001">13730737</controlfield><controlfield tag="008">860613d18681869inuwr ne      0    0eng d</controlfield><datafield ind1=" " ind2=" " tag="010"><subfield code="a">sn 86058608 </subfield></datafield><datafield ind1=" " ind2=" " tag="040"><subfield code="a">NPI</subfield><subfield code="b">eng</subfield><subfield code="c">NPI</subfield><subfield code="d">OCLCQ</subfield></datafield><datafield ind1=" " ind2=" " tag="042"><subfield code="a">msc</subfield></datafield><datafield ind1="0" ind2="4" tag="245"><subfield code="a">The Newcastle examiner.</subfield></datafield><datafield ind1="3" ind2="0" tag="246"><subfield code="a">New Castle examiner</subfield></datafield><datafield ind1=" " ind2=" " tag="260"><subfield code="a">Newcastle, Ind. :</subfield><subfield code="b">[s.n.]</subfield></datafield><datafield ind1=" " ind2=" " tag="300"><subfield code="a">v. :</subfield><subfield code="b">ill. (chiefly advertisements) ;</subfield><subfield code="c">61 cm.</subfield></datafield><datafield ind1=" " ind2=" " tag="310"><subfield code="a">Weekly</subfield></datafield><datafield ind1="1" ind2=" " tag="362"><subfield code="a">Began on May 27, 1868; ceased in May 1869.</subfield><subfield code="z">Cf. Miller, John W. Indiana newspaper bibliog.</subfield></datafield><datafield ind1=" " ind2=" " tag="500"><subfield code="a">New Castle is currently spelled as two words.</subfield></datafield><datafield ind1=" " ind2=" " tag="500"><subfield code="a">Paper was published by "a stock company of leading Democrats." Cf. Miller.</subfield></datafield><datafield ind1=" " ind2=" " tag="500"><subfield code="a">Democratic.</subfield></datafield><datafield ind1=" " ind2=" " tag="588"><subfield code="a">Description based on: Vol. 1, no. 2 (June 3, 1868).</subfield></datafield><datafield ind1=" " ind2=" " tag="752"><subfield code="a">United States</subfield><subfield code="b">Indiana</subfield><subfield code="c">Henry</subfield><subfield code="d">New Castle.</subfield></datafield><datafield ind1="0" ind2="0" tag="780"><subfield code="t">Signs of the times (New Castle, Ind.)</subfield><subfield code="w">(DLC)sn 86058607</subfield></datafield><datafield ind1="0" ind2="0" tag="785"><subfield code="t">Democratic times (New Castle, Ind.)</subfield><subfield code="w">(DLC)sn 86058609</subfield></datafield><datafield ind1="1" ind2=" " tag="029"><subfield code="a">AU@</subfield><subfield code="b">000025804462</subfield></datafield></record>